@book{Kittel,
   title =     {Introducción a la física del estado sólido},
   author =    {C. Kittel},
   publisher = {Editorial Reverté },
   year =      {1975 },
   edition =   {3},
}
@book{Maza,
   title =     {Física del estado sólido},
   author =    {J. Maza Frechin and R. Mosqueira Rey},
   publisher = {Universidad de Santiago de Compostela},
   year =      {2013 },
   edition =   {1},
}

@book{Hofmann,
   title =     {Solid State Physics: An Introduction},
   author =    {Philip Hofmann},
   publisher = {Wiley},
   year =      {2015},
   edition =   {2},
}